<record><leader>00000cas a22000007a 4500</leader><controlfield tag="001">33926063</controlfield><controlfield tag="008">951214d194u19uuncuwr ne      0    0eng d</controlfield><datafield ind1=" " ind2=" " tag="010"><subfield code="a">sn 95072335 </subfield></datafield><datafield ind1=" " ind2=" " tag="040"><subfield code="a">NVJ</subfield><subfield code="b">eng</subfield><subfield code="c">NVJ</subfield><subfield code="d">OCLCQ</subfield></datafield><datafield ind1=" " ind2=" " tag="042"><subfield code="a">msc</subfield></datafield><datafield ind1="0" ind2="0" tag="245"><subfield code="a">Avery scenic press.</subfield></datafield><datafield ind1=" " ind2=" " tag="260"><subfield code="a">Newland, N.C. :</subfield><subfield code="b">Howard Ray</subfield></datafield><datafield ind1=" " ind2=" " tag="300"><subfield code="a">v.</subfield></datafield><datafield ind1=" " ind2=" " tag="310"><subfield code="a">Weekly</subfield></datafield><datafield ind1=" " ind2=" " tag="588"><subfield code="a">Description based on: Vol. 2, no. 33 (Jan. 6, 1949).</subfield></datafield><datafield ind1=" " ind2=" " tag="752"><subfield code="a">United States</subfield><subfield code="b">North Carolina</subfield><subfield code="c">Avery</subfield><subfield code="d">Newland.</subfield></datafield><datafield ind1="0" ind2="4" tag="780"><subfield code="t">Avery advocate (Elk Park, N.C.)</subfield><subfield code="w">(DLC)sn 95072333</subfield></datafield><datafield ind1="0" ind2="4" tag="780"><subfield code="t">Avery herald</subfield><subfield code="w">(DLC)sn 95072334</subfield></datafield></record>